@inproceedings {PE.EuroVisShort.EuroVisShort2013.049-053,
booktitle = {EuroVis - Short Papers},
editor = {Mario Hlawitschka and Tino Weinkauf},
title = {{Information Retrieval Perspective to Interactive Data Visualization}},
author = {Peltonen, Jaakko and Sandholm, Max and Kaski, Samuel},
year = {2013},
publisher = {The Eurographics Association},
ISBN = {978-3-905673-99-9},
DOI = {10.2312/PE.EuroVisShort.EuroVisShort2013.049-053}
}

@book{Bishop:2006:PRM:1162264,
 author = {Bishop, Christopher M.},
 title = {Pattern Recognition and Machine Learning (Information Science and Statistics)},
 year = {2006},
 isbn = {0387310738},
 publisher = {Springer-Verlag},
 address = {Berlin, Heidelberg},
} 

@InProceedings{P07-1056,
  author = 	"Blitzer, John
		and Dredze, Mark
		and Pereira, Fernando",
  title = 	"Biographies, Bollywood, Boom-boxes and Blenders: Domain Adaptation for Sentiment Classification",
  booktitle = 	"Proceedings of the 45th Annual Meeting of the Association of Computational Linguistics",
  year = 	"2007",
  publisher = 	"Association for Computational Linguistics",
  pages = 	"440--447",
  location = 	"Prague, Czech Republic",
  url = 	"http://www.aclweb.org/anthology/P07-1056"
}

@InProceedings{I28oKV,
  author = 	"Tian, L., Alizadeh, A. A., Gentles, A. J., and Tibshirani, R",
  title = 	" A simple method for estimating interactions between a treatment and a large number of covariates",
  booktitle = 	"A simple method for estimating interactions between a treatment and a large number of covariates",
  year = 	"2014",
  publisher = 	"Journal of the American Statistical Association",
  doi = {10.1080/01621459.2014.951443},
  location = 	"USA",
 
}


@inproceedings{Liu:2012:DLD:2478276.2478281,
 author = {Liu, Jingjing and Brown, Eli T. and Chang, Remco and Brodley, Carla E.},
 title = {Dis-function: Learning Distance Functions Interactively},
 booktitle = {Proceedings of the 2012 IEEE Conference on Visual Analytics Science and Technology (VAST)},
 series = {VAST '12},
 year = {2012},
 isbn = {978-1-4673-4752-5},
 pages = {83--92},
 numpages = {10},
 url = {http://dx.doi.org/10.1109/VAST.2012.6400486},
 doi = {10.1109/VAST.2012.6400486},
 acmid = {2478281},
 publisher = {IEEE Computer Society},
 address = {Washington, DC, USA},
 keywords = {Data visualization,Machine learning,Yttrium,Vectors,Bars,Euclidean distance},
} 

@article{2569992285,
author = {"Costello JC, Heiser LM, Georgii E, Gonen M, Menden MP, Wang NJ, Bansal M, Ammad-ud-din M, Hintsanen P, Khan SA, Mpindi JP, Kallioniemi O, Honkela A, Aittokallio T, Wennerberg K, Collins JJ, Gallahan D, Singer D, Saez-Rodriguez J, Kaski S, Gray JW, Stolovitzky G"},
Publisher= {NATURE PUBLISHING GROUP},
year = {2014},
Journal = {Nature Biotechnology},
Volume = {32},
Issue = {12},
ISSN = {1087-0156},
DOI = {http://dx.doi.org/10.1038/nbt.2877},
}


@article{Forman:2003:EES:944919.944974,
 author = {Forman, George},
 title = {An Extensive Empirical Study of Feature Selection Metrics for Text Classification},
 journal = {J. Mach. Learn. Res.},
 issue_date = {3/1/2003},
 volume = {3},
 month = mar,
 year = {2003},
 issn = {1532-4435},
 pages = {1289--1305},
 numpages = {17},
 url = {http://dl.acm.org/citation.cfm?id=944919.944974},
 acmid = {944974},
 publisher = {JMLR.org},
} 

@book{Hearst:2009:SUI:1631268,
 author = {Hearst, Marti A.},
 title = {Search User Interfaces},
 year = {2009},
 isbn = {0521113792, 9780521113793},
 edition = {1st},
 publisher = {Cambridge University Press},
 address = {New York, NY, USA},
} 

@article{Hernandez-Lobato:2015:EPL:2783156.2783164,
 author = {Hern\'{a}ndez-Lobato, Jos{\'e} Miguel and Hern\'{a}ndez-Lobato, Daniel and Su\'{a}rez, Alberto},
 title = {Expectation Propagation in Linear Regression Models with Spike-and-slab Priors},
 journal = {Mach. Learn.},
 issue_date = {June      2015},
 volume = {99},
 number = {3},
 month = jun,
 year = {2015},
 issn = {0885-6125},
 pages = {437--487},
 numpages = {51},
 url = {https://doi.org/10.1007/s10994-014-5475-7},
 doi = {10.1007/s10994-014-5475-7},
 acmid = {2783164},
 publisher = {Kluwer Academic Publishers},
 address = {Norwell, MA, USA},
 keywords = {Expectation propagation, Linear regression, Selective shrinkage, Spike-and-slab},
}

@inproceedings{Jeong:2009:IIS:2421899.2421907,
 author = {Jeong, Dong Hyun and Ziemkiewicz, Caroline and Fisher, Brian and Ribarsky, William and Chang, Remco},
 title = {iPCA: An Interactive System for PCA-based Visual Analytics},
 booktitle = {Proceedings of the 11th Eurographics / IEEE - VGTC Conference on Visualization},
 series = {EuroVis'09},
 year = {2009},
 location = {Berlin, Germany},
 pages = {767--774},
 numpages = {8},
 url = {http://dx.doi.org/10.1111/j.1467-8659.2009.01475.x},
 doi = {10.1111/j.1467-8659.2009.01475.x},
 acmid = {2421907},
 publisher = {The Eurographs Association \&\#38; John Wiley \&\#38; Sons, Ltd.},
 address = {Chichester, UK},
}

@inproceedings{Micallef:2017:IEK:3025171.3025181,
 author = {Micallef, Luana and Sundin, Iiris and Marttinen, Pekka and Ammad-ud-din, Muhammad and Peltola, Tomi and Soare, Marta and Jacucci, Giulio and Kaski, Samuel},
 title = {Interactive Elicitation of Knowledge on Feature Relevance Improves Predictions in Small Data Sets},
 booktitle = {Proceedings of the 22Nd International Conference on Intelligent User Interfaces},
 series = {IUI '17},
 year = {2017},
 isbn = {978-1-4503-4348-0},
 location = {Limassol, Cyprus},
 pages = {547--552},
 numpages = {6},
 url = {http://doi.acm.org/10.1145/3025171.3025181},
 doi = {10.1145/3025171.3025181},
 acmid = {3025181},
 publisher = {ACM},
 address = {New York, NY, USA},
 keywords = {interactive knowledge elicitation, prediction, user model},
}

@inproceedings{Qu:2010:BMR:1873781.1873884,
 author = {Qu, Lizhen and Ifrim, Georgiana and Weikum, Gerhard},
 title = {The Bag-of-opinions Method for Review Rating Prediction from Sparse Text Patterns},
 booktitle = {Proceedings of the 23rd International Conference on Computational Linguistics},
 series = {COLING '10},
 year = {2010},
 location = {Beijing, China},
 pages = {913--921},
 numpages = {9},
 url = {http://dl.acm.org/citation.cfm?id=1873781.1873884},
 acmid = {1873884},
 publisher = {Association for Computational Linguistics},
 address = {Stroudsburg, PA, USA},
}

@article{Venna:2010:IRP:1756006.1756019,
 author = {Venna, Jarkko and Peltonen, Jaakko and Nybo, Kristian and Aidos, Helena and Kaski, Samuel},
 title = {Information Retrieval Perspective to Nonlinear Dimensionality Reduction for Data Visualization},
 journal = {J. Mach. Learn. Res.},
 issue_date = {3/1/2010},
 volume = {11},
 month = mar,
 year = {2010},
 issn = {1532-4435},
 pages = {451--490},
 numpages = {40},
 url = {http://dl.acm.org/citation.cfm?id=1756006.1756019},
 acmid = {1756019},
 publisher = {JMLR.org},
}

@inproceedings{Yang:2007:BAD:3020488.3020542,
 author = {Yang, Liu and Jin, Rong and Sukthankar, Rahul},
 title = {Bayesian Active Distance Metric Learning},
 booktitle = {Proceedings of the Twenty-Third Conference on Uncertainty in Artificial Intelligence},
 series = {UAI'07},
 year = {2007},
 isbn = {0-9749039-3-0},
 location = {Vancouver, BC, Canada},
 pages = {442--449},
 numpages = {8},
 url = {http://dl.acm.org/citation.cfm?id=3020488.3020542},
 acmid = {3020542},
 publisher = {AUAI Press},
 address = {Arlington, Virginia, United States},
}

@ARTICLE{Jones72astatistical,
    author = {Karen Sp√§rck Jones},
    title = {A statistical interpretation of term specificity and its application in retrieval},
    journal = {Journal of Documentation},
    year = {1972},
    volume = {28},
    pages = {11--21}
}


@inproceedings{Johnstone558612,
    author = {Johnstone, I. M., and Titterington, D. M.},
    title = {Statistical challenges of high-dimensional data. Philosophical Transactions of the Royal Society of London A: Mathematical},
    series = {Physical and Engineering Sciences},
    year = {2009},
    numpage = {367},
    pages = {4237--4253}
}

@ARTICLE{Tibshirani94regressionshrinkage,
    author = {Robert Tibshirani},
    title = {Regression Shrinkage and Selection Via the Lasso},
    journal = {Journal of the Royal Statistical Society, Series B},
    year = {1994},
    volume = {58},
    pages = {267--288}
}


@ARTICLE{Zou98894,
    author = {Zou, H., and Hastie, T.},
    title = {A statistical interpretation of term specificity and its application in retrieval},
    journal = {Journal of the Royal Statistical Society. Series B: Statistical Methodology},
    year = {2005},
    volume = {67},
    pages = {301-320}
}







@article{doi:10.1177/1471082X14553374,
author = {Fadlalla G. Elfadaly and Paul H. Garthwaite},
title ={Eliciting prior distributions for extra parameters in some generalized linear models},
journal = {Statistical Modelling},
volume = {15},
number = {4},
pages = {345-365},
year = {2015},
doi = {10.1177/1471082X14553374},
URL = {https://doi.org/10.1177/1471082X14553374}
}


@ARTICLE{Garthwaite12,
    author = {Garthwaite, P. H., Al-Awadhi, S. A., Elfadaly, F. G., and Jenkinson, D. J},
    title = {Prior distribution elicitation for generalized linear and piecewise-linear models},
    journal = {Journal of Applied Statistics},
    year = {2013},
    volume = {40},
    pages = {59--75}
}

@ARTICLE{Daee65754,
    author = {Daee, P., Peltola, T., Soare, M., and Kaski, S},
    title = {Knowledge elicitation via sequential probabilistic inference for high-dimensional prediction},
    journal = {arXiv preprint arXiv},
    year = {2016},
}

@inproceedings{DBLP:conf/ieeevast/EndertHMHLN11,
  author    = {Alex Endert and
               Chao Han and
               Dipayan Maiti and
               Leanna House and
               Scotland Leman and
               Chris North},
  title     = {Observation-level interaction with statistical models for visual analytics},
  booktitle = {2011 {IEEE} Conference on Visual Analytics Science and Technology,
               {VAST} 2011, Providence, Rhode Island, USA, October 23-28, 2011},
  pages     = {121--130},
  year      = {2011},
  crossref  = {DBLP:conf/ieeevast/2011},
  url       = {https://doi.org/10.1109/VAST.2011.6102449},
  doi       = {10.1109/VAST.2011.6102449},
  timestamp = {Thu, 25 May 2017 01:00:00 +0200},
  biburl    = {https://dblp.org/rec/bib/conf/ieeevast/EndertHMHLN11},
  bibsource = {dblp computer science bibliography, https://dblp.org}
}